% ============================================================================ %
% Encoding: UTF-8 (žluťoučký kůň úpěl ďábelšké ódy)
%============================================================================ %

@book{electromag,
  author={David Jeffrey GRIFFITHS},
  title={Introduction to Electrodynamics},
  edition={4},
  year={2013},
  publisher={Cambridge University Press},
  address={Cambridge},
  isbn={978-1-10842-041-9}
}

@misc{nasaspectrum,
  title={NASA: Radio Spectrum},
  editor={Catherine MANNNING},
  note={[online] [cit. \today]. Dostupné z~WWW: \url{https://www.nasa.gov/directorates/heo/scan/spectrum/radio_spectrum}}
}

@incollection{itu,
  title={Article 2: Nomenclature},
  booktitle = {Radio Regulations},
  pages = {25--26},
  publisher = {International Telecommunication Union},
  year = {2020},
  address = {Ženeva},
  edition = {1},
  isbn = {978-92-61-30301-3}
}

@book{sdr4eng,
  title={Software-defined radio for engineers},
  subtitle={Artech House mobile communications series},
  author={Travis F. COLLINS and Robin GETZ and Di PU and Alexander M. WYGLINSKI},
  publisher={Artech House},
  year={2018},
  isbn={978-1-63081-459-5}
}

@book{abcs,
  title={ABCs of Software Defined Radio},
  subtitle={Why Your Next Radio Will be SDR},
  author={Martin EWING},
  publisher={Amer Radio Relay League},
  year={2012},
  isbn={978-0-87259-632-0}
}

@inproceedings{fissure,
  author={Christopher POORE},
  booktitle={Proceedings of the GNU Radio Conference [online]}, 
  title={FISSURE}, 
  subtitle={The RF Framework for Everyone},
  year={2022},
  volume={7},
  number={1},
  note={[cit. \today. Dostupné z: \url{https://pubs.gnuradio.org/index.php/grcon/article/view/122/102}}
}

@inproceedings{blackhat,
  author={Jean Michel PICOD and Arnaud LEBRUN and Jonathan Christofer DEMAY},
  booktitle={Black Hat USA Conference [online]}, 
  title={Bringing software defined radio to the penetration testing community}, 
  year={2014},
  note={[cit. \today. Dostupné z: \url{https://www.blackhat.com/docs/us-14/materials/us-14-Picod-Bringing-Software-Defined-Radio-To-The-Penetration-Testing-Community-WP.pdf}}
}

@article{aiiot,
  title={AI-enabled IoT penetration testing},
  subtitle={state-of-the-art and research challenges},
  author={Claudia GRECO and Giancarlo FORTINO and Bruno CRISPO and Kim-Kwang Raymond CHOO},
  year={2022},
  publisher={ENTERPRISE INFORMATION SYSTEMS},
  note={[cit. \today]. Dostupné z DOI: \url{doi:10.1080/17517575.2022.2130014}},
  issn={17517575}
}

@book{iotcookbook,
  title={ IoT Penetration Testing Cookbook},
  subtitle={Identify vulnerabilities and secure your smart devices},
  author={Aaron GUZMAN and Aditya GUPTA},
  publisher={Packt Publishing},
  %edition={1},
  year={2017},
  isbn={978-1-78728-517-0}
}

@mastersthesis{thesis,
  author={Thomas VEENS},
  title={Automated 2G traffic interception and penetration testing},
  school={Eindhoven University of Technology},
  year={2018},
  address={Eindhoven},
  note={Diplomová práca}
}

@inproceedings{saud,
  author={José de Jesús RUGELES URIBE and Edward Paul GUILLEN and Leonardo S. CARDOSO},
  title={A technical review of wireless security for the internet of things: Software defined radio perspective},
  booktitle={Journal of King Saud University: Computer and Information Sciences},
  year={2022},
  volume={34},
  number={7},
  pages={4122-4134},
  note={[online] [cit. 2022­11­30]. Dostupné z~DOI: \url{https://doi.org/10.1016/j.jksuci.2021.04.003}},
  issn={1319-1578}
}